@book{bird1994molecular,
  title={Molecular gas dynamics and the direct simulation of gas flows},
  author={Bird, Graeme A},
  year={1994},
  publisher={Oxford university press}
}

@article{plimpton2019direct,
  title={Direct simulation Monte Carlo on petaflop supercomputers and beyond},
  author={Plimpton, Steve J and Moore, SG and Borner, A and Stagg, AK and Koehler, TP and Torczynski, JR and Gallis, MA},
  journal={Physics of Fluids},
  volume={31},
  number={8},
  year={2019},
  publisher={AIP Publishing}
}

@article{gallis2021effect,
  title={Effect of slip on vortex shedding from a circular cylinder in a gas flow},
  author={Gallis, Michail A and Torczynski, John R},
  journal={Physical Review Fluids},
  volume={6},
  number={6},
  pages={063402},
  year={2021},
  publisher={APS}
}

@software{Raghuveeran_Work_During_Summer_2024,
author = {Raghuveeran, Pradyumnan},
month = may,
title = {{Work During Summer Research Fellowship Programme 2024 Under Prof. Meheboob Alam}},
url = {https://github.com/Prad-R/SRFP_2024_Project.git},
year = {2024}
}

@article{article,
author = {Rader, Daniel and Gallis, Michail and Torczynski, J. and Wagner, W.},
year = {2005},
month = {05},
pages = {473-478},
title = {DSMC Convergence Behavior for Fourier Flow},
volume = {762},
journal = {AIP Conference Proceedings},
doi = {10.1063/1.1941581}
}

@article{rahman2023turbulence,
  title={Turbulence-induced electrical discharges in charged particle-laden Martian boundary layers},
  author={Rahman, Mustafa Mutiur and Saieed, Ahmed and Hickey, Jean-Pierre},
  journal={Flow},
  volume={3},
  pages={E34},
  year={2023},
  publisher={Cambridge University Press}
}

@article{holstein2016atmospheric,
  title={Atmospheric studies from the Mars Science Laboratory Entry, Descent and Landing atmospheric structure reconstruction},
  author={Holstein-Rathlou, C and Maue, A and Withers, P},
  journal={Planetary and Space Science},
  volume={120},
  pages={15--23},
  year={2016},
  publisher={Elsevier}
}

@article{rdr2013mars,
  title={Mars Science Laboratory (MSL) Software Interface Specification},
  author={RDR, SAM Reduced Data Record},
  year={2013}
}