@article{plimpton2019direct,
  title={Direct simulation Monte Carlo on petaflop supercomputers and beyond},
  author={Plimpton, Steve J and Moore, SG and Borner, A and Stagg, AK and Koehler, TP and Torczynski, JR and Gallis, MA},
  journal={Physics of Fluids},
  volume={31},
  number={8},
  year={2019},
  publisher={AIP Publishing}
}

@article{gallis2021effect,
  title={Effect of slip on vortex shedding from a circular cylinder in a gas flow},
  author={Gallis, Michail A and Torczynski, John R},
  journal={Physical Review Fluids},
  volume={6},
  number={6},
  pages={063402},
  year={2021},
  publisher={APS}
}

@inproceedings{rader2005dsmc,
  title={DSMC convergence behavior for Fourier flow},
  author={Rader, DJ and Gallis, MA and Torczynski, JR and Wagner, W},
  booktitle={AIP Conference Proceedings},
  volume={762},
  number={1},
  pages={473--478},
  year={2005},
  organization={American Institute of Physics}
}